<record><leader>00000cas a22000007a 4500</leader><controlfield tag="001">13459707</controlfield><controlfield tag="008">860421d188918uualuwr ne      0    0eng d</controlfield><datafield ind1=" " ind2=" " tag="010"><subfield code="a">sn 86050150 </subfield></datafield><datafield ind1=" " ind2=" " tag="040"><subfield code="a">CPN</subfield><subfield code="b">eng</subfield><subfield code="c">CPN</subfield><subfield code="d">OCLCQ</subfield></datafield><datafield ind1=" " ind2=" " tag="042"><subfield code="a">msc</subfield></datafield><datafield ind1="0" ind2=" " tag="130"><subfield code="a">Clay county free press (Lineville, Ala.)</subfield></datafield><datafield ind1="1" ind2="0" tag="245"><subfield code="a">Clay county free press.</subfield></datafield><datafield ind1=" " ind2=" " tag="260"><subfield code="a">Lineville, Ala. :</subfield><subfield code="b">M.A. Jones,</subfield><subfield code="c">1889-</subfield></datafield><datafield ind1=" " ind2=" " tag="300"><subfield code="a">v. :</subfield><subfield code="b">ill. ;</subfield><subfield code="c">55 cm.</subfield></datafield><datafield ind1=" " ind2=" " tag="310"><subfield code="a">Weekly</subfield></datafield><datafield ind1="0" ind2=" " tag="362"><subfield code="a">Vol. 1, no. 1 (Jan. 3, 1889)-</subfield></datafield><datafield ind1=" " ind2=" " tag="752"><subfield code="a">United States</subfield><subfield code="b">Alabama</subfield><subfield code="c">Clay</subfield><subfield code="d">Lineville.</subfield></datafield></record>